<?xml version="1.0" encoding="UTF-8"?><collection xmlns="http://www.loc.gov/MARC21/slim"><record><leader>00484nam--2200169-i-4500</leader><controlfield tag="001">000015928</controlfield><controlfield tag="002">20161230</controlfield><controlfield tag="005">20170111225101</controlfield><controlfield tag="008">060222s1000------------r-----000-0-eng-d</controlfield><datafield ind1=" " ind2=" " tag="080"><subfield code="a">51</subfield></datafield><datafield ind1=" " ind2=" " tag="100"><subfield code="a">Bronsten, V.A</subfield></datafield><datafield ind1=" " ind2=" " tag="245"><subfield code="a">Taschenbuch der mathematik fur ingenieure und studenten der technischen hochschulen</subfield></datafield><datafield ind1=" " ind2=" " tag="260"><subfield code="a">Leipzig</subfield><subfield code="b">B.G.Teubner Verlagsgesellschaft</subfield><subfield code="c">1962</subfield></datafield><datafield ind1=" " ind2=" " tag="300"><subfield code="a">XIII + 584 p</subfield></datafield><datafield ind1=" " ind2=" " tag="700"><subfield code="a">Semendjajew, K. A</subfield></datafield><datafield ind1=" " ind2=" " tag="852"><subfield code="a">76538</subfield></datafield><datafield ind1=" " ind2=" " tag="CAT"><subfield code="a">SYS</subfield><subfield code="c">20170111</subfield><subfield code="h">225101</subfield></datafield></record></collection>